@article{Arras2019,
  author        = {{Arras}, Philipp and {Frank}, Philipp and {Leike}, Reimar and {Westermann}, R{\"u}diger and {En{\ss}lin}, Torsten A.},
  title         = {{Unified radio interferometric calibration and imaging with joint uncertainty quantification}},
  journal       = {Astronomy \& Astrophysics},
  keywords      = {techniques: interferometric, methods: statistical, methods: data analysis, instrumentation: interferometers, Astrophysics - Instrumentation and Methods for Astrophysics},
  year          = 2019,
  month         = jul,
  volume        = {627},
  eid           = {A134},
  pages         = {A134},
  doi           = {10.1051/0004-6361/201935555},
  archiveprefix = {arXiv},
  eprint        = {1903.11169},
  primaryclass  = {astro-ph.IM},
  adsurl        = {https://ui.adsabs.harvard.edu/abs/2019A&A...627A.134A},
  adsnote       = {Provided by the SAO/NASA Astrophysics Data System}
}
@misc{Arras2019NIFTy,
  author        = {{Arras}, Philipp and {Baltac}, Mihai and {Ensslin}, Torsten A. and {Frank}, Philipp and {Hutschenreuter}, Sebastian and {Knollmueller}, Jakob and {Leike}, Reimar H. and {Newrzella}, Max-Niklas and {Platz}, Lukas and {Reinecke}, Martin and {Stadler}, Julia},
  title         = {{NIFTy5: Numerical Information Field Theory v5}},
  keywords      = {Software},
  howpublished  = {Astrophysics Source Code Library, record ascl:1903.008},
  year          = 2019,
  month         = 03,
  eid           = {ascl:1903.008},
  pages         = {ascl:1903.008},
  archiveprefix = {ascl},
  eprint        = {1903.008}
}
@article{Arras2022,
  author        = {{Arras}, Philipp and {Frank}, Philipp and {Haim}, Philipp and {Knollm{\"u}ller}, Jakob and {Leike}, Reimar H. and {Reinecke}, Martin and {En{\ss}lin}, Torsten A.},
  title         = {{Variable structures in M87* from space, time and frequency resolved interferometry}},
  journal       = {Nature Astronomy},
  keywords      = {Astrophysics - Instrumentation and Methods for Astrophysics, Astrophysics - Astrophysics of Galaxies},
  year          = 2022,
  month         = jan,
  volume        = {6},
  pages         = {259-269},
  doi           = {10.1038/s41550-021-01548-0},
  archiveprefix = {arXiv},
  eprint        = {2002.05218},
  primaryclass  = {astro-ph.IM},
  adsurl        = {https://ui.adsabs.harvard.edu/abs/2022NatAs...6..259A},
  adsnote       = {Provided by the SAO/NASA Astrophysics Data System}
}

@article{Astropy2013,
  author        = {{Astropy Collaboration} and {Robitaille}, Thomas P. and {Tollerud}, Erik J. and {Greenfield}, Perry and {Droettboom}, Michael and {Bray}, Erik and {Aldcroft}, Tom and {Davis}, Matt and {Ginsburg}, Adam and {Price-Whelan}, Adrian M. and {Kerzendorf}, Wolfgang E. and {Conley}, Alexander and {Crighton}, Neil and {Barbary}, Kyle and {Muna}, Demitri and {Ferguson}, Henry and {Grollier}, Fr{\'e}d{\'e}ric and {Parikh}, Madhura M. and {Nair}, Prasanth H. and {Unther}, Hans M. and {Deil}, Christoph and {Woillez}, Julien and {Conseil}, Simon and {Kramer}, Roban and {Turner}, James E.~H. and {Singer}, Leo and {Fox}, Ryan and {Weaver}, Benjamin A. and {Zabalza}, Victor and {Edwards}, Zachary I. and {Azalee Bostroem}, K. and {Burke}, D.~J. and {Casey}, Andrew R. and {Crawford}, Steven M. and {Dencheva}, Nadia and {Ely}, Justin and {Jenness}, Tim and {Labrie}, Kathleen and {Lim}, Pey Lian and {Pierfederici}, Francesco and {Pontzen}, Andrew and {Ptak}, Andy and {Refsdal}, Brian and {Servillat}, Mathieu and {Streicher}, Ole},
  title         = {{Astropy: A community Python package for astronomy}},
  journal       = {Astronomy \& Astrophysics},
  keywords      = {methods: data analysis, methods: miscellaneous, virtual observatory tools, Astrophysics - Instrumentation and Methods for Astrophysics},
  year          = 2013,
  month         = oct,
  volume        = {558},
  eid           = {A33},
  pages         = {A33},
  doi           = {10.1051/0004-6361/201322068},
  archiveprefix = {arXiv},
  eprint        = {1307.6212},
  primaryclass  = {astro-ph.IM},
  adsurl        = {https://ui.adsabs.harvard.edu/abs/2013A&A...558A..33A},
  adsnote       = {Provided by the SAO/NASA Astrophysics Data System}
}
@article{Astropy2018,
  author        = {{Astropy Collaboration} and {Price-Whelan}, A.~M. and {Sip{\H{o}}cz}, B.~M. and {G{\"u}nther}, H.~M. and {Lim}, P.~L. and {Crawford}, S.~M. and {Conseil}, S. and {Shupe}, D.~L. and {Craig}, M.~W. and {Dencheva}, N. and {Ginsburg}, A. and {VanderPlas}, J.~T. and {Bradley}, L.~D. and {P{\'e}rez-Su{\'a}rez}, D. and {de Val-Borro}, M. and {Aldcroft}, T.~L. and {Cruz}, K.~L. and {Robitaille}, T.~P. and {Tollerud}, E.~J. and {Ardelean}, C. and {Babej}, T. and {Bach}, Y.~P. and {Bachetti}, M. and {Bakanov}, A.~V. and {Bamford}, S.~P. and {Barentsen}, G. and {Barmby}, P. and {Baumbach}, A. and {Berry}, K.~L. and {Biscani}, F. and {Boquien}, M. and {Bostroem}, K.~A. and {Bouma}, L.~G. and {Brammer}, G.~B. and {Bray}, E.~M. and {Breytenbach}, H. and {Buddelmeijer}, H. and {Burke}, D.~J. and {Calderone}, G. and {Cano Rodr{\'\i}guez}, J.~L. and {Cara}, M. and {Cardoso}, J.~V.~M. and {Cheedella}, S. and {Copin}, Y. and {Corrales}, L. and {Crichton}, D. and {D'Avella}, D. and {Deil}, C. and {Depagne}, {\'E}. and {Dietrich}, J.~P. and {Donath}, A. and {Droettboom}, M. and {Earl}, N. and {Erben}, T. and {Fabbro}, S. and {Ferreira}, L.~A. and {Finethy}, T. and {Fox}, R.~T. and {Garrison}, L.~H. and {Gibbons}, S.~L.~J. and {Goldstein}, D.~A. and {Gommers}, R. and {Greco}, J.~P. and {Greenfield}, P. and {Groener}, A.~M. and {Grollier}, F. and {Hagen}, A. and {Hirst}, P. and {Homeier}, D. and {Horton}, A.~J. and {Hosseinzadeh}, G. and {Hu}, L. and {Hunkeler}, J.~S. and {Ivezi{\'c}}, {\v{Z}}. and {Jain}, A. and {Jenness}, T. and {Kanarek}, G. and {Kendrew}, S. and {Kern}, N.~S. and {Kerzendorf}, W.~E. and {Khvalko}, A. and {King}, J. and {Kirkby}, D. and {Kulkarni}, A.~M. and {Kumar}, A. and {Lee}, A. and {Lenz}, D. and {Littlefair}, S.~P. and {Ma}, Z. and {Macleod}, D.~M. and {Mastropietro}, M. and {McCully}, C. and {Montagnac}, S. and {Morris}, B.~M. and {Mueller}, M. and {Mumford}, S.~J. and {Muna}, D. and {Murphy}, N.~A. and {Nelson}, S. and {Nguyen}, G.~H. and {Ninan}, J.~P. and {N{\"o}the}, M. and {Ogaz}, S. and {Oh}, S. and {Parejko}, J.~K. and {Parley}, N. and {Pascual}, S. and {Patil}, R. and {Patil}, A.~A. and {Plunkett}, A.~L. and {Prochaska}, J.~X. and {Rastogi}, T. and {Reddy Janga}, V. and {Sabater}, J. and {Sakurikar}, P. and {Seifert}, M. and {Sherbert}, L.~E. and {Sherwood-Taylor}, H. and {Shih}, A.~Y. and {Sick}, J. and {Silbiger}, M.~T. and {Singanamalla}, S. and {Singer}, L.~P. and {Sladen}, P.~H. and {Sooley}, K.~A. and {Sornarajah}, S. and {Streicher}, O. and {Teuben}, P. and {Thomas}, S.~W. and {Tremblay}, G.~R. and {Turner}, J.~E.~H. and {Terr{\'o}n}, V. and {van Kerkwijk}, M.~H. and {de la Vega}, A. and {Watkins}, L.~L. and {Weaver}, B.~A. and {Whitmore}, J.~B. and {Woillez}, J. and {Zabalza}, V. and {Astropy Contributors}},
  title         = {{The Astropy Project: Building an Open-science Project and Status of the v2.0 Core Package}},
  journal       = {Astronomical Journal},
  keywords      = {methods: data analysis, methods: miscellaneous, methods: statistical, reference systems, Astrophysics - Instrumentation and Methods for Astrophysics},
  year          = 2018,
  month         = sep,
  volume        = {156},
  number        = {3},
  eid           = {123},
  pages         = {123},
  doi           = {10.3847/1538-3881/aabc4f},
  archiveprefix = {arXiv},
  eprint        = {1801.02634},
  primaryclass  = {astro-ph.IM},
  adsurl        = {https://ui.adsabs.harvard.edu/abs/2018AJ....156..123A},
  adsnote       = {Provided by the SAO/NASA Astrophysics Data System}
}

@article{Astropy2022,
  author        = {{Astropy Collaboration} and {Price-Whelan}, Adrian M. and {Lim}, Pey Lian and {Earl}, Nicholas and {Starkman}, Nathaniel and {Bradley}, Larry and {Shupe}, David L. and {Patil}, Aarya A. and {Corrales}, Lia and {Brasseur}, C.~E. and {N{\"o}the}, Maximilian and {Donath}, Axel and {Tollerud}, Erik and {Morris}, Brett M. and {Ginsburg}, Adam and {Vaher}, Eero and {Weaver}, Benjamin A. and {Tocknell}, James and {Jamieson}, William and {van Kerkwijk}, Marten H. and {Robitaille}, Thomas P. and {Merry}, Bruce and {Bachetti}, Matteo and {G{\"u}nther}, H. Moritz and {Aldcroft}, Thomas L. and {Alvarado-Montes}, Jaime A. and {Archibald}, Anne M. and {B{\'o}di}, Attila and {Bapat}, Shreyas and {Barentsen}, Geert and {Baz{\'a}n}, Juanjo and {Biswas}, Manish and {Boquien}, M{\'e}d{\'e}ric and {Burke}, D.~J. and {Cara}, Daria and {Cara}, Mihai and {Conroy}, Kyle E. and {Conseil}, Simon and {Craig}, Matthew W. and {Cross}, Robert M. and {Cruz}, Kelle L. and {D'Eugenio}, Francesco and {Dencheva}, Nadia and {Devillepoix}, Hadrien A.~R. and {Dietrich}, J{\"o}rg P. and {Eigenbrot}, Arthur Davis and {Erben}, Thomas and {Ferreira}, Leonardo and {Foreman-Mackey}, Daniel and {Fox}, Ryan and {Freij}, Nabil and {Garg}, Suyog and {Geda}, Robel and {Glattly}, Lauren and {Gondhalekar}, Yash and {Gordon}, Karl D. and {Grant}, David and {Greenfield}, Perry and {Groener}, Austen M. and {Guest}, Steve and {Gurovich}, Sebastian and {Handberg}, Rasmus and {Hart}, Akeem and {Hatfield-Dodds}, Zac and {Homeier}, Derek and {Hosseinzadeh}, Griffin and {Jenness}, Tim and {Jones}, Craig K. and {Joseph}, Prajwel and {Kalmbach}, J. Bryce and {Karamehmetoglu}, Emir and {Ka{\l}uszy{\'n}ski}, Miko{\l}aj and {Kelley}, Michael S.~P. and {Kern}, Nicholas and {Kerzendorf}, Wolfgang E. and {Koch}, Eric W. and {Kulumani}, Shankar and {Lee}, Antony and {Ly}, Chun and {Ma}, Zhiyuan and {MacBride}, Conor and {Maljaars}, Jakob M. and {Muna}, Demitri and {Murphy}, N.~A. and {Norman}, Henrik and {O'Steen}, Richard and {Oman}, Kyle A. and {Pacifici}, Camilla and {Pascual}, Sergio and {Pascual-Granado}, J. and {Patil}, Rohit R. and {Perren}, Gabriel I. and {Pickering}, Timothy E. and {Rastogi}, Tanuj and {Roulston}, Benjamin R. and {Ryan}, Daniel F. and {Rykoff}, Eli S. and {Sabater}, Jose and {Sakurikar}, Parikshit and {Salgado}, Jes{\'u}s and {Sanghi}, Aniket and {Saunders}, Nicholas and {Savchenko}, Volodymyr and {Schwardt}, Ludwig and {Seifert-Eckert}, Michael and {Shih}, Albert Y. and {Jain}, Anany Shrey and {Shukla}, Gyanendra and {Sick}, Jonathan and {Simpson}, Chris and {Singanamalla}, Sudheesh and {Singer}, Leo P. and {Singhal}, Jaladh and {Sinha}, Manodeep and {Sip{\H{o}}cz}, Brigitta M. and {Spitler}, Lee R. and {Stansby}, David and {Streicher}, Ole and {{\v{S}}umak}, Jani and {Swinbank}, John D. and {Taranu}, Dan S. and {Tewary}, Nikita and {Tremblay}, Grant R. and {de Val-Borro}, Miguel and {Van Kooten}, Samuel J. and {Vasovi{\'c}}, Zlatan and {Verma}, Shresth and {de Miranda Cardoso}, Jos{\'e} Vin{\'\i}cius and {Williams}, Peter K.~G. and {Wilson}, Tom J. and {Winkel}, Benjamin and {Wood-Vasey}, W.~M. and {Xue}, Rui and {Yoachim}, Peter and {Zhang}, Chen and {Zonca}, Andrea and {Astropy Project Contributors}},
  title         = {{The Astropy Project: Sustaining and Growing a Community-oriented Open-source Project and the Latest Major Release (v5.0) of the Core Package}},
  journal       = {Astrophysical Journal},
  keywords      = {Astronomy software, Open source software, Astronomy data analysis, 1855, 1866, 1858, Astrophysics - Instrumentation and Methods for Astrophysics},
  year          = 2022,
  month         = aug,
  volume        = {935},
  number        = {2},
  eid           = {167},
  pages         = {167},
  doi           = {10.3847/1538-4357/ac7c74},
  archiveprefix = {arXiv},
  eprint        = {2206.14220},
  primaryclass  = {astro-ph.IM},
  adsurl        = {https://ui.adsabs.harvard.edu/abs/2022ApJ...935..167A},
  adsnote       = {Provided by the SAO/NASA Astrophysics Data System}
}
@article{Bingham2019,
  author  = {Eli Bingham and Jonathan P. Chen and Martin Jankowiak and Fritz Obermeyer and Neeraj Pradhan and Theofanis Karaletsos and Rohit Singh and Paul A. Szerlip and Paul Horsfall and Noah D. Goodman},
  title   = {Pyro: Deep Universal Probabilistic Programming},
  journal = {Journal of Machine Learning Research},
  volume  = {20},
  pages   = {28:1--28:6},
  year    = {2019},
  url     = {http://jmlr.org/papers/v20/18-403.html}
}
@software{blackjax2020,
  author  = {Cabezas, Alberto, Lao, Junpeng, and Louf, R\'emi},
  title   = {{B}lackjax: A sampling library for {JAX}},
  url     = {http://github.com/blackjax-devs/blackjax},
  version = {v1.1.0},
  year    = {2023}
}
@article{Blondel2021,
  author    = {Blondel, Mathieu and Berthet, Quentin and Cuturi, Marco and Frostig, Roy and Hoyer, Stephan and Llinares-Lopez, Felipe and Pedregosa, Fabian and Vert, Jean-Philippe},
  booktitle = {Advances in Neural Information Processing Systems},
  editor    = {S. Koyejo and S. Mohamed and A. Agarwal and D. Belgrave and K. Cho and A. Oh},
  pages     = {5230--5242},
  publisher = {Curran Associates, Inc.},
  title     = {Efficient and Modular Implicit Differentiation},
  url       = {https://proceedings.neurips.cc/paper_files/paper/2022/file/228b9279ecf9bbafe582406850c57115-Paper-Conference.pdf},
  volume    = {35},
  year      = {2022}
}
@article{Carpenter2017,
  title   = {Stan: A Probabilistic Programming Language},
  volume  = {76},
  url     = {https://www.jstatsoft.org/index.php/jss/article/view/v076i01},
  doi     = {10.18637/jss.v076.i01},
  number  = {1},
  journal = {Journal of Statistical Software},
  author  = {Carpenter, Bob and Gelman, Andrew and Hoffman, Matthew D. and Lee, Daniel and Goodrich, Ben and Betancourt, Michael and Brubaker, Marcus and Guo, Jiqiang and Li, Peter and Riddell, Allen},
  year    = {2017},
  pages   = {1-32}
}
@software{Deepmind2020Optax,
  title  = {The {D}eep{M}ind {JAX} {E}cosystem},
  author = {DeepMind and Babuschkin, Igor and Baumli, Kate and Bell, Alison and Bhupatiraju, Surya and Bruce, Jake and Buchlovsky, Peter and Budden, David and Cai, Trevor and Clark, Aidan and Danihelka, Ivo and Dedieu, Antoine and Fantacci, Claudio and Godwin, Jonathan and Jones, Chris and Hemsley, Ross and Hennigan, Tom and Hessel, Matteo and Hou, Shaobo and Kapturowski, Steven and Keck, Thomas and Kemaev, Iurii and King, Michael and Kunesch, Markus and Martens, Lena and Merzic, Hamza and Mikulik, Vladimir and Norman, Tamara and Papamakarios, George and Quan, John and Ring, Roman and Ruiz, Francisco and Sanchez, Alvaro and Sartran, Laurent and Schneider, Rosalia and Sezener, Eren and Spencer, Stephen and Srinivasan, Srivatsan and Stanojevi\'{c}, Milo\v{s} and Stokowiec, Wojciech and Wang, Luyu and Zhou, Guangyao and Viola, Fabio},
  url    = {http://github.com/google-deepmind},
  year   = {2020}
}
@software{ducc0,
  author  = {Martin Reinecke},
  title   = {{DUCC}: Distinctly Useful Code Collection},
  url     = {https://gitlab.mpcdf.mpg.de/mtr/ducc},
  version = {0.33.0},
  year    = {2024}
}

@article{Eberle2023ButterflyImaging,
  author   = {{Eberle}, Vincent and {Frank}, Philipp and {Stadler}, Julia and {Streit}, Silvan and {En{\ss}lin}, Torsten},
  title    = {{Butterfly Transforms for Efficient Representation of Spatially Variant Point Spread Functions in Bayesian Imaging}},
  journal  = {Entropy},
  keywords = {response functions, spatially variant point spread functions, convolution, Bayesian imaging, butterfly matrices, Toeplitz matrices, sparse representations, neural networks},
  year     = 2023,
  month    = apr,
  volume   = {25},
  number   = {4},
  eid      = {652},
  pages    = {652},
  doi      = {10.3390/e25040652},
  adsurl   = {https://ui.adsabs.harvard.edu/abs/2023Entrp..25..652E},
  adsnote  = {Provided by the SAO/NASA Astrophysics Data System}
}

@article{Eberle2023ButterflyImagingAlgorithm,
  author         = {Eberle, Vincent and Frank, Philipp and Stadler, Julia and Streit, Silvan and Enßlin, Torsten},
  title          = {Efficient Representations of Spatially Variant Point Spread Functions with Butterfly Transforms in Bayesian Imaging Algorithms},
  journal        = {Physical Sciences Forum},
  volume         = {5},
  year           = {2022},
  number         = {1},
  article-number = {33},
  url            = {https://www.mdpi.com/2673-9984/5/1/33},
  issn           = {2673-9984},
  doi            = {10.3390/psf2022005033}
}

@misc{Edenhofer2022,
  doi       = {10.48550/ARXIV.2206.10634},
  url       = {https://arxiv.org/abs/2206.10634},
  author    = {Edenhofer, Gordian and Leike, Reimar H. and Frank, Philipp and Enßlin, Torsten A.},
  keywords  = {Machine Learning (cs.LG), Machine Learning (stat.ML), FOS: Computer and information sciences, FOS: Computer and information sciences},
  title     = {Sparse Kernel Gaussian Processes through Iterative Charted Refinement (ICR)},
  publisher = {arXiv},
  year      = {2022},
  copyright = {arXiv.org perpetual, non-exclusive license}
}

@article{Edenhofer2023,
  author        = {{Edenhofer}, Gordian and {Zucker}, Catherine and {Frank}, Philipp and {Saydjari}, Andrew K. and {Speagle}, Joshua S. and {Finkbeiner}, Douglas and {En{\ss}lin}, Torsten A.},
  title         = {{A parsec-scale Galactic 3D dust map out to 1.25 kpc from the Sun}},
  journal       = {Astronomy \& Astrophysics},
  keywords      = {ISM: clouds, ISM: structure, dust, extinction, Galaxy: structure, methods: statistical, Astrophysics - Astrophysics of Galaxies},
  year          = 2024,
  month         = may,
  volume        = {685},
  eid           = {A82},
  pages         = {A82},
  doi           = {10.1051/0004-6361/202347628},
  archiveprefix = {arXiv},
  eprint        = {2308.01295},
  primaryclass  = {astro-ph.GA},
  adsurl        = {https://ui.adsabs.harvard.edu/abs/2024A&A...685A..82E},
  adsnote       = {Provided by the SAO/NASA Astrophysics Data System}
}

@article{ForemanMackey2013,
  author        = {{Foreman-Mackey}, Daniel and {Hogg}, David W. and {Lang}, Dustin and {Goodman}, Jonathan},
  title         = {{emcee: The MCMC Hammer}},
  journal       = {Publications of the Astronomical Society of the Pacific},
  keywords      = {Astrophysics - Instrumentation and Methods for Astrophysics, Physics - Computational Physics, Statistics - Computation},
  year          = 2013,
  month         = mar,
  volume        = {125},
  number        = {925},
  pages         = {306},
  doi           = {10.1086/670067},
  archiveprefix = {arXiv},
  eprint        = {1202.3665},
  primaryclass  = {astro-ph.IM},
  adsurl        = {https://ui.adsabs.harvard.edu/abs/2013PASP..125..306F},
  adsnote       = {Provided by the SAO/NASA Astrophysics Data System}
}

@article{ForemanMackey2017,
  author  = {{Foreman-Mackey}, D. and {Agol}, E. and {Angus}, R. and
             {Ambikasaran}, S.},
  title   = {Fast and scalable Gaussian process modeling
             with applications to astronomical time series},
  year    = {2017},
  journal = {AJ},
  volume  = {154},
  pages   = {220},
  doi     = {10.3847/1538-3881/aa9332},
  url     = {https://arxiv.org/abs/1703.09710}
}

@software{ForemanMackey2024,
  author    = {Foreman-Mackey, Daniel and Weixiang Yu and Yadav, Sachin and Becker, McCoy Reynolds and Caplar, Neven and Huppenkothen, Daniela and Killestein, Thomas and Tronsgaard, René and Rashid, Theo and Schmerler, Steve},
  title     = {{dfm/tinygp: The tiniest of Gaussian Process libraries}},
  month     = jan,
  year      = 2024,
  publisher = {Zenodo},
  version   = {v0.3.0},
  doi       = {10.5281/zenodo.10463641},
  url       = {https://doi.org/10.5281/zenodo.10463641}
}
@article{Frank2017,
  author        = {{Frank}, Philipp and {Steininger}, Theo and {En{\ss}lin}, Torsten A.},
  title         = {{Field dynamics inference via spectral density estimation}},
  journal       = {Physical Review E},
  keywords      = {Statistics - Methodology, Astrophysics - Instrumentation and Methods for Astrophysics, Physics - Data Analysis, Statistics and Probability},
  year          = 2017,
  month         = nov,
  volume        = {96},
  number        = {5},
  eid           = {052104},
  pages         = {052104},
  doi           = {10.1103/PhysRevE.96.052104},
  archiveprefix = {arXiv},
  eprint        = {1708.05250},
  primaryclass  = {stat.ME},
  adsurl        = {https://ui.adsabs.harvard.edu/abs/2017PhRvE..96e2104F},
  adsnote       = {Provided by the SAO/NASA Astrophysics Data System}
}

@article{Frank2021,
  doi       = {10.3390/e23070853},
  url       = {https://doi.org/10.3390%2Fe23070853},
  year      = 2021,
  month     = {jul},
  publisher = {{MDPI} {AG}},
  volume    = {23},
  number    = {7},
  pages     = {853},
  author    = {Philipp Frank and Reimar H. Leike and Torsten A. En{\ss}lin},
  title     = {Geometric Variational Inference},
  journal   = {Entropy}
}

@article{Frank2022,
  author         = {Frank, Philipp},
  title          = {Geometric Variational Inference and Its Application to Bayesian Imaging},
  journal        = {Physical Sciences Forum},
  volume         = {5},
  year           = {2022},
  number         = {1},
  article-number = {6},
  url            = {https://www.mdpi.com/2673-9984/5/1/6},
  issn           = {2673-9984},
  doi            = {10.3390/psf2022005006}
}

@article{Gorski2005,
  author   = {{G{\'o}rski}, K.~M. and {Hivon}, E. and {Banday}, A.~J. and
              {Wandelt}, B.~D. and {Hansen}, F.~K. and {Reinecke}, M. and
              {Bartelmann}, M.},
  title    = {{HEALPix: A Framework for High-Resolution Discretization and Fast Analysis of Data Distributed on the Sphere}},
  journal  = {Astrophysical Journal},
  eprint   = {arXiv:astro-ph/0409513},
  keywords = {Cosmology: Cosmic Microwave Background, Cosmology: Observations, Methods: Statistical},
  year     = 2005,
  month    = apr,
  volume   = 622,
  pages    = {759-771},
  doi      = {10.1086/427976},
  adsurl   = {http://adsabs.harvard.edu/abs/2005ApJ...622..759G},
  adsnote  = {Provided by the SAO/NASA Astrophysics Data System}
}

@article{Green2018Dustmaps,
  author  = {{Green}, {Gregory M.}},
  title   = {{dustmaps: A Python interface for maps of interstellar dust}},
  journal = {The Journal of Open Source Software},
  year    = {2018},
  month   = {Jun},
  volume  = {3},
  number  = {26},
  pages   = {695},
  doi     = {10.21105/joss.00695},
  adsurl  = {https://ui.adsabs.harvard.edu/abs/2018JOSS....3..695M},
  adsnote = {Provided by the SAO/NASA Astrophysics Data System}
}

@article{Guardiani2022,
  doi       = {10.1371/journal.pone.0275011},
  author    = {Guardiani, Matteo and Frank, Philipp and Kostić, Andrija and Edenhofer, Gordian and Roth, Jakob and Uhlmann, Berit and Enßlin, Torsten},
  journal   = {PLOS ONE},
  publisher = {Public Library of Science},
  title     = {Causal, Bayesian, & non-parametric modeling of the SARS-CoV-2 viral load distribution vs. patient's age},
  year      = {2022},
  month     = {10},
  volume    = {17},
  url       = {https://doi.org/10.1371/journal.pone.0275011},
  pages     = {1-21},
  number    = {10}
}

@article{Harris2020,
  title     = {Array programming with {NumPy}},
  author    = {Charles R. Harris and K. Jarrod Millman and St{\'{e}}fan J.
               van der Walt and Ralf Gommers and Pauli Virtanen and David
               Cournapeau and Eric Wieser and Julian Taylor and Sebastian
               Berg and Nathaniel J. Smith and Robert Kern and Matti Picus
               and Stephan Hoyer and Marten H. van Kerkwijk and Matthew
               Brett and Allan Haldane and Jaime Fern{\'{a}}ndez del
               R{\'{i}}o and Mark Wiebe and Pearu Peterson and Pierre
               G{\'{e}}rard-Marchant and Kevin Sheppard and Tyler Reddy and
               Warren Weckesser and Hameer Abbasi and Christoph Gohlke and
               Travis E. Oliphant},
  year      = {2020},
  month     = sep,
  journal   = {Nature},
  volume    = {585},
  number    = {7825},
  pages     = {357--362},
  doi       = {10.1038/s41586-020-2649-2},
  publisher = {Springer Science and Business Media {LLC}},
  url       = {https://doi.org/10.1038/s41586-020-2649-2}
}

@inproceedings{Hensman2015,
  title     = {Scalable Variational Gaussian Process Classification.},
  author    = {Hensman, James and de G. Matthews, Alexander G. and Ghahramani, Zoubin},
  biburl    = {https://www.bibsonomy.org/bibtex/23167a785dedae9dbff722940828a6e89/dblp},
  booktitle = {AISTATS},
  crossref  = {conf/aistats/2015},
  editor    = {Lebanon, Guy and Vishwanathan, S. V. N.},
  ee        = {http://proceedings.mlr.press/v38/hensman15.html},
  interhash = {e1ab718ad19fa81d5e00136b884475c5},
  intrahash = {3167a785dedae9dbff722940828a6e89},
  keywords  = {dblp},
  publisher = {JMLR.org},
  series    = {JMLR Workshop and Conference Proceedings},
  timestamp = {2019-05-30T11:50:37.000+0200},
  url       = {http://dblp.uni-trier.de/db/conf/aistats/aistats2015.html#HensmanMG15},
  volume    = 38,
  year      = 2015
}

@article{Hoffman2011,
  author     = {Hoffman, Matthew D. and Gelman, Andrew},
  title      = {The No-U-Turn Sampler: Adaptively Setting Path Lengths in Hamiltonian Monte Carlo},
  year       = {2014},
  issue_date = {January 2014},
  publisher  = {JMLR.org},
  volume     = {15},
  number     = {1},
  issn       = {1532-4435},
  journal    = {Journal of Machine Learning Research},
  month      = {jan},
  pages      = {1593-1623},
  numpages   = {31},
  keywords   = {Hamiltonian Monte Carlo, dual averaging, adaptive Monte Carlo, Markov chain Monte Carlo, Bayesian inference}
}

@article{Hutschenreuter2022,
  author        = {{Hutschenreuter}, S. and {Anderson}, C.~S. and {Betti}, S. and {Bower}, G.~C. and {Brown}, J. -A. and {Br{\"u}ggen}, M. and {Carretti}, E. and {Clarke}, T. and {Clegg}, A. and {Costa}, A. and {Croft}, S. and {Van Eck}, C. and {Gaensler}, B.~M. and {de Gasperin}, F. and {Haverkorn}, M. and {Heald}, G. and {Hull}, C.~L.~H. and {Inoue}, M. and {Johnston-Hollitt}, M. and {Kaczmarek}, J. and {Law}, C. and {Ma}, Y.~K. and {MacMahon}, D. and {Mao}, S.~A. and {Riseley}, C. and {Roy}, S. and {Shanahan}, R. and {Shimwell}, T. and {Stil}, J. and {Sobey}, C. and {O'Sullivan}, S.~P. and {Tasse}, C. and {Vacca}, V. and {Vernstrom}, T. and {Williams}, P.~K.~G. and {Wright}, M. and {En{\ss}lin}, T.~A.},
  title         = {{The Galactic Faraday rotation sky 2020}},
  journal       = {Astronomy \& Astrophysics},
  keywords      = {Galaxy: general, ISM: magnetic fields, ISM: structure, Galaxy: structure, Astrophysics - Astrophysics of Galaxies},
  year          = 2022,
  month         = jan,
  volume        = {657},
  eid           = {A43},
  pages         = {A43},
  doi           = {10.1051/0004-6361/202140486},
  archiveprefix = {arXiv},
  eprint        = {2102.01709},
  primaryclass  = {astro-ph.GA},
  adsurl        = {https://ui.adsabs.harvard.edu/abs/2022A&A...657A..43H},
  adsnote       = {Provided by the SAO/NASA Astrophysics Data System}
}
@article{Hutschenreuter2023,
  author        = {{Hutschenreuter}, Sebastian and {Haverkorn}, Marijke and {Frank}, Philipp and {Raycheva}, Nergis C. and {En{\ss}lin}, Torsten A.},
  title         = {{Disentangling the Faraday rotation sky}},
  journal       = {arXiv e-prints},
  keywords      = {Astrophysics - Astrophysics of Galaxies},
  year          = 2023,
  month         = apr,
  eid           = {arXiv:2304.12350},
  pages         = {arXiv:2304.12350},
  doi           = {10.48550/arXiv.2304.12350},
  archiveprefix = {arXiv},
  eprint        = {2304.12350},
  primaryclass  = {astro-ph.GA},
  adsurl        = {https://ui.adsabs.harvard.edu/abs/2023arXiv230412350H},
  adsnote       = {Provided by the SAO/NASA Astrophysics Data System}
}
@software{Jax2018,
  author  = {James Bradbury and Roy Frostig and Peter Hawkins and Matthew James Johnson and Chris Leary and Dougal Maclaurin and George Necula and Adam Paszke and Jake Vander{P}las and Skye Wanderman-{M}ilne and Qiao Zhang},
  title   = {{JAX}: composable transformations of {P}ython+{N}um{P}y programs},
  url     = {http://github.com/google/jax},
  version = {0.3.13},
  year    = {2018}
}
@article{Kidger2021,
  author  = {Patrick Kidger and Cristian Garcia},
  title   = {{E}quinox: neural networks in {JAX} via callable {P}y{T}rees and filtered transformations},
  year    = {2021},
  journal = {Differentiable Programming workshop at Neural Information Processing Systems 2021}
}
@misc{Knollmueller2019,
  doi       = {10.48550/ARXIV.1901.11033},
  url       = {https://arxiv.org/abs/1901.11033},
  author    = {Knollmüller, Jakob and Enßlin, Torsten A.},
  keywords  = {Machine Learning (stat.ML), Instrumentation and Methods for Astrophysics (astro-ph.IM), Machine Learning (cs.LG), Data Analysis, Statistics and Probability (physics.data-an), Methodology (stat.ME), FOS: Computer and information sciences, FOS: Computer and information sciences, FOS: Physical sciences, FOS: Physical sciences},
  title     = {Metric Gaussian Variational Inference},
  publisher = {arXiv},
  year      = {2019},
  copyright = {arXiv.org perpetual, non-exclusive license}
}
@software{Koposov2023,
  author    = {Sergey Koposov and Josh Speagle and Kyle Barbary and Gregory Ashton and Ed Bennett and Johannes Buchner and Carl Scheffler and Ben Cook and Colm Talbot and James Guillochon and Patricio Cubillos and Andrés Asensio Ramos and Ben Johnson and Dustin Lang and Ilya and Matthieu Dartiailh and Alex Nitz and Andrew McCluskey and Anne Archibald},
  title     = {joshspeagle/dynesty: v2.1.3},
  month     = oct,
  year      = 2023,
  publisher = {Zenodo},
  version   = {v2.1.3},
  doi       = {10.5281/zenodo.8408702},
  url       = {https://doi.org/10.5281/zenodo.8408702}
}
@article{Leike2019,
  author        = {{Leike}, R.~H. and {En{\ss}lin}, T.~A.},
  title         = {{Charting nearby dust clouds using Gaia data only}},
  journal       = {Astronomy \& Astrophysics},
  keywords      = {dust, extinction, local insterstellar matter, methods: data analysis, solar neighborhood, Astrophysics - Astrophysics of Galaxies, Astrophysics - Solar and Stellar Astrophysics},
  year          = 2019,
  month         = nov,
  volume        = {631},
  eid           = {A32},
  pages         = {A32},
  doi           = {10.1051/0004-6361/201935093},
  archiveprefix = {arXiv},
  eprint        = {1901.05971},
  primaryclass  = {astro-ph.GA},
  adsurl        = {https://ui.adsabs.harvard.edu/abs/2019A&A...631A..32L},
  adsnote       = {Provided by the SAO/NASA Astrophysics Data System}
}
@article{Leike2020,
  author        = {{Leike}, R.~H. and {Glatzle}, M. and {En{\ss}lin}, T.~A.},
  title         = {{Resolving nearby dust clouds}},
  journal       = {Astronomy \& Astrophysics},
  keywords      = {methods: data analysis, dust, extinction, ISM: structure, local insterstellar matter, Astrophysics - Astrophysics of Galaxies, Physics - Computational Physics},
  year          = 2020,
  month         = jul,
  volume        = {639},
  eid           = {A138},
  pages         = {A138},
  doi           = {10.1051/0004-6361/202038169},
  archiveprefix = {arXiv},
  eprint        = {2004.06732},
  primaryclass  = {astro-ph.GA},
  adsurl        = {https://ui.adsabs.harvard.edu/abs/2020A&A...639A.138L},
  adsnote       = {Provided by the SAO/NASA Astrophysics Data System}
}
@article{Leike2022,
  author        = {{Leike}, R.~H. and {Edenhofer}, G. and {Knollm{\"u}ller}, J. and {Alig}, C. and {Frank}, P. and {En{\ss}lin}, T.~A.},
  title         = {{The Galactic 3D large-scale dust distribution via Gaussian process regression on spherical coordinates}},
  journal       = {arXiv e-prints},
  keywords      = {Astrophysics - Astrophysics of Galaxies, Astrophysics - Instrumentation and Methods for Astrophysics, Statistics - Machine Learning},
  year          = 2022,
  month         = apr,
  eid           = {arXiv:2204.11715},
  pages         = {arXiv:2204.11715},
  doi           = {10.48550/arXiv.2204.11715},
  archiveprefix = {arXiv},
  eprint        = {2204.11715},
  primaryclass  = {astro-ph.GA},
  adsurl        = {https://ui.adsabs.harvard.edu/abs/2022arXiv220411715L},
  adsnote       = {Provided by the SAO/NASA Astrophysics Data System}
}
@article{Matthews2017,
  author     = {De G. Matthews, Alexander G. and Van Der Wilk, Mark and Nickson, Tom and Fujii, Keisuke and Boukouvalas, Alexis and Le\'{o}n-Villagr\'{a}, Pablo and Ghahramani, Zoubin and Hensman, James},
  title      = {GPflow: A Gaussian Process Library Using Tensorflow},
  year       = {2017},
  issue_date = {January 2017},
  publisher  = {JMLR.org},
  volume     = {18},
  number     = {1},
  issn       = {1532-4435},
  journal    = {Journal of Machine Learning Research},
  month      = {jan},
  pages      = {1299-1304},
  numpages   = {6}
}
@article{Mertsch2023,
  author        = {{Mertsch}, P. and {Phan}, V.~H.~M.},
  title         = {{Bayesian inference of three-dimensional gas maps. II. Galactic HI}},
  journal       = {Astronomy \& Astrophysics},
  keywords      = {Galaxy: structure, ISM: kinematics and dynamics, ISM: atoms, methods: statistical, Astrophysics - Astrophysics of Galaxies, Astrophysics - High Energy Astrophysical Phenomena},
  year          = 2023,
  month         = mar,
  volume        = {671},
  eid           = {A54},
  pages         = {A54},
  doi           = {10.1051/0004-6361/202243326},
  archiveprefix = {arXiv},
  eprint        = {2202.02341},
  primaryclass  = {astro-ph.GA},
  adsurl        = {https://ui.adsabs.harvard.edu/abs/2023A&A...671A..54M},
  adsnote       = {Provided by the SAO/NASA Astrophysics Data System}
}
@article{Phan2019,
  author        = {{Phan}, Du and {Pradhan}, Neeraj and {Jankowiak}, Martin},
  title         = {{Composable Effects for Flexible and Accelerated Probabilistic Programming in NumPyro}},
  journal       = {arXiv e-prints},
  keywords      = {Statistics - Machine Learning, Computer Science - Artificial Intelligence, Computer Science - Machine Learning, Computer Science - Programming Languages, I.2.5, G.3, I.2.5, G.3},
  year          = 2019,
  month         = dec,
  eid           = {arXiv:1912.11554},
  pages         = {arXiv:1912.11554},
  doi           = {10.48550/arXiv.1912.11554},
  archiveprefix = {arXiv},
  eprint        = {1912.11554},
  primaryclass  = {stat.ML},
  adsurl        = {https://ui.adsabs.harvard.edu/abs/2019arXiv191211554P},
  adsnote       = {Provided by the SAO/NASA Astrophysics Data System}
}
@inproceedings{Rezende2015,
  author    = {Rezende, Danilo Jimenez and Mohamed, Shakir},
  title     = {Variational Inference with Normalizing Flows},
  year      = {2015},
  publisher = {JMLR.org},
  booktitle = {Proceedings of the 32nd International Conference on International Conference on Machine Learning - Volume 37},
  pages     = {1530-1538},
  location  = {Lille, France},
  series    = {ICML'15},
  url       = {http://proceedings.mlr.press/v37/rezende15.html}
}
@article{Roth2023DirectionDependentCalibration,
  author        = {{Roth}, Jakob and {Arras}, Philipp and {Reinecke}, Martin and {Perley}, Richard A. and {Westermann}, R{\"u}diger and {En{\ss}lin}, Torsten A.},
  title         = {{Bayesian radio interferometric imaging with direction-dependent calibration}},
  journal       = {Astronomy \& Astrophysics},
  keywords      = {instrumentation: interferometers, methods: statistical, methods: data analysis, techniques: interferometric, Astrophysics - Instrumentation and Methods for Astrophysics},
  year          = 2023,
  month         = oct,
  volume        = {678},
  eid           = {A177},
  pages         = {A177},
  doi           = {10.1051/0004-6361/202346851},
  archiveprefix = {arXiv},
  eprint        = {2305.05489},
  primaryclass  = {astro-ph.IM},
  adsurl        = {https://ui.adsabs.harvard.edu/abs/2023A&A...678A.177R},
  adsnote       = {Provided by the SAO/NASA Astrophysics Data System}
}
@article{Roth2023FastCadenceHighContrastImaging,
  author        = {{Roth}, J. and {Li Causi}, G. and {Testa}, V. and {Arras}, P. and {Ensslin}, T.~A.},
  title         = {{Fast-cadence High-contrast Imaging with Information Field Theory}},
  journal       = {The Astronomical Journal},
  keywords      = {Exoplanet astronomy, Exoplanet detection methods, Direct imaging, Exoplanets, High angular resolution, 486, 489, 387, 498, 2167, Astrophysics - Instrumentation and Methods for Astrophysics, Astrophysics - Earth and Planetary Astrophysics},
  year          = 2023,
  month         = mar,
  volume        = {165},
  number        = {3},
  eid           = {86},
  pages         = {86},
  doi           = {10.3847/1538-3881/acabc1},
  archiveprefix = {arXiv},
  eprint        = {2212.07714},
  primaryclass  = {astro-ph.IM},
  adsurl        = {https://ui.adsabs.harvard.edu/abs/2023AJ....165...86R},
  adsnote       = {Provided by the SAO/NASA Astrophysics Data System}
}
@article{Salvatier2016,
  title    = {Probabilistic programming in Python using PyMC3},
  author   = {Salvatier, John and Wiecki, Thomas V. and Fonnesbeck, Christopher},
  year     = 2016,
  month    = apr,
  keywords = {Bayesian statistic, Probabilistic Programming, Python, Markov chain Monte Carlo, Statistical modeling},
  volume   = 2,
  pages    = {e55},
  journal  = {PeerJ Computer Science},
  issn     = {2376-5992},
  url      = {https://doi.org/10.7717/peerj-cs.55},
  doi      = {10.7717/peerj-cs.55}
}
@article{ScheelPlatz2023,
  author        = {{Scheel-Platz}, L.~I. and {Knollm{\"u}ller}, J. and {Arras}, P. and {Frank}, P. and {Reinecke}, M. and {J{\"u}stel}, D. and {En{\ss}lin}, T.~A.},
  title         = {{Multicomponent imaging of the Fermi gamma-ray sky in the spatio-spectral domain}},
  journal       = {Astronomy \& Astrophysics},
  keywords      = {gamma rays: diffuse background, gamma rays: ISM, gamma rays: general, methods: data analysis, methods: statistical, Astrophysics - High Energy Astrophysical Phenomena},
  year          = 2023,
  month         = dec,
  volume        = {680},
  eid           = {A2},
  pages         = {A2},
  doi           = {10.1051/0004-6361/202243819},
  archiveprefix = {arXiv},
  eprint        = {2204.09360},
  primaryclass  = {astro-ph.HE},
  adsurl        = {https://ui.adsabs.harvard.edu/abs/2023A&A...680A...2S},
  adsnote       = {Provided by the SAO/NASA Astrophysics Data System}
}
@misc{Selig2013,
  author        = {{Selig}, M. and {Bell}, M.~R. and {Junklewitz}, H. and {Oppermann}, N. and {Reinecke}, M. and {Greiner}, M. and {Pachajoa}, C. and {En{\ss}lin}, T.~A.},
  title         = {{NIFTY - Numerical Information Field Theory. A versatile PYTHON library for signal inference}},
  journal       = {Astronomy \& Astrophysics},
  keywords      = {methods: data analysis, methods: numerical, methods: statistical, techniques: image processing, Astrophysics - Instrumentation and Methods for Astrophysics, Computer Science - Information Theory, Computer Science - Mathematical Software, Mathematical Physics, Physics - Data Analysis, Statistics and Probability, Statistics - Computation},
  year          = 2013,
  month         = jun,
  volume        = {554},
  eid           = {A26},
  pages         = {A26},
  doi           = {10.1051/0004-6361/201321236},
  archiveprefix = {arXiv},
  eprint        = {1301.4499},
  primaryclass  = {astro-ph.IM},
  adsurl        = {https://ui.adsabs.harvard.edu/abs/2013A&A...554A..26S},
  adsnote       = {Provided by the SAO/NASA Astrophysics Data System}
}
@article{Sivaram2015,
  author        = {{Ambikasaran}, Sivaram and {Foreman-Mackey}, Daniel and {Greengard}, Leslie and {Hogg}, David W. and {O'Neil}, Michael},
  title         = {{Fast Direct Methods for Gaussian Processes}},
  journal       = {IEEE Transactions on Pattern Analysis and Machine Intelligence},
  keywords      = {Mathematics - Numerical Analysis, Astrophysics - Instrumentation and Methods for Astrophysics, Mathematics - Statistics Theory, Mathematics - Numerical Analysis, Astrophysics - Instrumentation and Methods for Astrophysics, Mathematics - Statistics Theory},
  year          = 2015,
  month         = jun,
  volume        = {38},
  pages         = {252},
  doi           = {10.1109/TPAMI.2015.2448083},
  archiveprefix = {arXiv},
  eprint        = {1403.6015},
  primaryclass  = {math.NA},
  adsurl        = {https://ui.adsabs.harvard.edu/abs/2015ITPAM..38..252A},
  adsnote       = {Provided by the SAO/NASA Astrophysics Data System}
}

@article{Speagle2020,
  author        = {{Speagle}, Joshua S.},
  title         = {{DYNESTY: a dynamic nested sampling package for estimating Bayesian posteriors and evidences}},
  journal       = {Monthly Notices of the RAS},
  keywords      = {methods: data analysis, methods: statistical, Astrophysics - Instrumentation and Methods for Astrophysics, Statistics - Computation},
  year          = 2020,
  month         = apr,
  volume        = {493},
  number        = {3},
  pages         = {3132-3158},
  doi           = {10.1093/mnras/staa278},
  archiveprefix = {arXiv},
  eprint        = {1904.02180},
  primaryclass  = {astro-ph.IM},
  adsurl        = {https://ui.adsabs.harvard.edu/abs/2020MNRAS.493.3132S},
  adsnote       = {Provided by the SAO/NASA Astrophysics Data System}
}

@article{Steiniger2017,
  author  = {{Steininger}, Theo and {Dixit}, Jait and {Frank}, Philipp and {Greiner}, Maksim and {Hutschenreuter}, Sebastian and {Knollm{\"u}ller}, Jakob and {Leike}, Reimar H. and {Porqueres}, Natalia and {Pumpe}, Daniel and {Reinecke}, Martin and {{\v{S}}raml}, Matev{\v{z}} and {Varady}, Csongor and {En{\ss}lin}, Torsten A.},
  title   = {{NIFTy 3 - Numerical Information Field Theory: A Python Framework for Multicomponent Signal Inference on HPC Clusters}},
  journal = {Annalen der Physik},
  year    = 2019,
  month   = mar,
  volume  = {531},
  number  = {3},
  pages   = {1800290},
  doi     = {10.1002/andp.201800290},
  adsurl  = {https://ui.adsabs.harvard.edu/abs/2019AnP...53100290S}
}

@article{Tsouros2023,
  author        = {{Tsouros}, Alexandros and {Edenhofer}, Gordian and {En{\ss}lin}, Torsten and {Mastorakis}, Michalis and {Pavlidou}, Vasiliki},
  title         = {{Reconstructing Galactic magnetic fields from local measurements for backtracking ultra-high-energy cosmic rays}},
  journal       = {Astronomy \& Astrophysics},
  keywords      = {magnetic fields, (ISM:) cosmic rays, turbulence, Astrophysics - High Energy Astrophysical Phenomena, Astrophysics - Astrophysics of Galaxies},
  year          = 2024,
  month         = jan,
  volume        = {681},
  eid           = {A111},
  pages         = {A111},
  doi           = {10.1051/0004-6361/202346423},
  archiveprefix = {arXiv},
  eprint        = {2303.10099},
  primaryclass  = {astro-ph.HE},
  adsurl        = {https://ui.adsabs.harvard.edu/abs/2024A&A...681A.111T},
  adsnote       = {Provided by the SAO/NASA Astrophysics Data System}
}

@article{Welling2021,
  author        = {{Welling}, C. and {Frank}, P. and {En{\ss}lin}, T. and {Nelles}, A.},
  title         = {{Reconstructing non-repeating radio pulses with Information Field Theory}},
  journal       = {Journal of Cosmology and Astroparticle Physics},
  keywords      = {cosmic rays detectors, neutrino detectors, ultra high energy cosmic rays, ultra high energy photons and neutrinos, Astrophysics - High Energy Astrophysical Phenomena},
  year          = 2021,
  month         = apr,
  volume        = {2021},
  number        = {4},
  eid           = {071},
  pages         = {071},
  doi           = {10.1088/1475-7516/2021/04/071},
  archiveprefix = {arXiv},
  eprint        = {2102.00258},
  primaryclass  = {astro-ph.HE},
  adsurl        = {https://ui.adsabs.harvard.edu/abs/2021JCAP...04..071W},
  adsnote       = {Provided by the SAO/NASA Astrophysics Data System}
}

@article{Westerkamp2023,
  author        = {{Westerkamp}, Margret and {Eberle}, Vincent and {Guardiani}, Matteo and {Frank}, Philipp and {Platz}, Lukas and {Arras}, Philipp and {Knollm{\"u}ller}, Jakob and {Stadler}, Julia and {En{\ss}lin}, Torsten},
  title         = {{First spatio-spectral Bayesian imaging of SN1006 in X-ray}},
  journal       = {arXiv e-prints},
  keywords      = {Astrophysics - High Energy Astrophysical Phenomena, Astrophysics - Instrumentation and Methods for Astrophysics},
  year          = 2023,
  month         = aug,
  eid           = {arXiv:2308.09176},
  pages         = {arXiv:2308.09176},
  doi           = {10.48550/arXiv.2308.09176},
  archiveprefix = {arXiv},
  eprint        = {2308.09176},
  primaryclass  = {astro-ph.HE},
  adsurl        = {https://ui.adsabs.harvard.edu/abs/2023arXiv230809176W},
  adsnote       = {Provided by the SAO/NASA Astrophysics Data System}
}

@article{Zonca2019,
  doi       = {10.21105/joss.01298},
  url       = {https://doi.org/10.21105/joss.01298},
  year      = {2019},
  month     = mar,
  publisher = {The Open Journal},
  volume    = {4},
  number    = {35},
  pages     = {1298},
  author    = {Andrea Zonca and Leo Singer and Daniel Lenz and Martin Reinecke and Cyrille Rosset and Eric Hivon and Krzysztof Gorski},
  title     = {healpy: equal area pixelization and spherical harmonics transforms for data on the sphere in Python},
  journal   = {Journal of Open Source Software}
}

